/////////////////////////////////////////////////////////
/// Insert References In Here using the BibTeX format
/// Look here for CS literature: http://dl.acm.org
/////////////////////////////////////////////////////////


@book{huth2004,
 author = {Huth, Michael and Ryan, Mark},
 title = {Logic in Computer Science: Modelling and Reasoning About Systems},
 year = {2004},
 isbn = {052154310X},
 publisher = {Cambridge University Press},
 address = {New York, NY, USA},
}

@misc{meyden2000,
  Author = {Ron van der Meyden},
  Institution = {University of New South Wales},
  howpublished  = "\url{http://www.cse.unsw.edu.au/~meyden/teaching/cs2411/}",
  Year = {2000},
  Title = {Lecture 6: Conjunctive Normal Form},
  note = "[Online; accessed 10 May 2016]"
}

@misc{swiftstudies,
  author        = {{Swift Studies}},
  title         = {{Building a Swift Parser with an Improved Tokenizer}},
  howpublished  = "\url{http://www.swift-studies.com/blog/2014/7/1/building-a-swift-parser-with-an-improved-tokenizer}",
  year          = {2014},
  note          = "[Online; accessed 24 April 2016]"
}

@misc{pybool,
  author        = {Tyler Sorensen},
  title         = {{PBL Package}},
  Institution   = {University of Utah},
  howpublished  = "\url{http://formal.cs.utah.edu:8080/pbl/PBL.php}",
  year          = {2014},
  note          = "[Online; accessed 24 April 2016]"
}

@book{aima2009,
  Author = {Stuart Russell and Peter Norvig},
  Title = {Artificial Intelligence: A Modern Approach},
  Edition = "third",
  Publisher = {Pearson},
  Year = {2009},
  ISBN = {0136042597},
}
